@article{ShSh2012,
 author = {Shalev-Shwartz, Shai},
  title = {Online Learning and Online Convex Optimization},
   journal = {Found. Trends Mach. Learn.},
    issue_date = {February 2012},
     volume = {4},
      number = {2},
       month = feb,
        year = {2012},
	 issn = {1935-8237},
	  pages = {107--194},
	   numpages = {88},
	    url = {http://dx.doi.org/10.1561/2200000018},
	     doi = {10.1561/2200000018},
	      acmid = {2185820},
	       publisher = {Now Publishers Inc.},
	        address = {Hanover, MA, USA},
		}

@book{BV2004,
 author = {Boyd, Stephen and Vandenberghe, Lieven},
  title = {Convex Optimization},
   year = {2004},
    isbn = {0521833787},
     publisher = {Cambridge University Press},
      address = {New York, NY, USA},
      }
      